<?xml version="1.0" encoding="UTF-8"?><collection xmlns="http://www.loc.gov/MARC21/slim"><record><leader>00394nam--2200145-i-4500</leader><controlfield tag="001">000025127</controlfield><controlfield tag="002">20161230</controlfield><controlfield tag="005">20161230201035</controlfield><controlfield tag="008">060222s1000------------r-----000-0-eng-d</controlfield><datafield ind1=" " ind2=" " tag="080"><subfield code="a">621.375.826:535.8</subfield></datafield><datafield ind1=" " ind2=" " tag="245"><subfield code="a">Advances in puantum electronics</subfield></datafield><datafield ind1=" " ind2=" " tag="260"><subfield code="a">London, Academic Press, 1970, 1974, Xii + 274 P</subfield></datafield><datafield ind1=" " ind2=" " tag="490"><subfield code="a">Advances In Quantum Electronics</subfield></datafield><datafield ind1=" " ind2=" " tag="700"><subfield code="a">Goodwin, D.W</subfield></datafield><datafield ind1=" " ind2=" " tag="852"><subfield code="a">34441</subfield></datafield></record></collection>